<record><leader>00000cas a2200000 a 4500</leader><controlfield tag="001">10363246</controlfield><controlfield tag="008">840201d18131815msuwr ne      0    0eng  </controlfield><datafield ind1=" " ind2=" " tag="010"><subfield code="a">sn 84020113 </subfield></datafield><datafield ind1=" " ind2=" " tag="040"><subfield code="a">DLC</subfield><subfield code="b">eng</subfield><subfield code="c">DLC</subfield><subfield code="d">PPM</subfield><subfield code="d">MSJ</subfield><subfield code="d">CPN</subfield><subfield code="d">NLG</subfield><subfield code="d">DLC</subfield><subfield code="d">ANU</subfield><subfield code="d">NVK</subfield><subfield code="d">OCL</subfield><subfield code="d">OCLCG</subfield><subfield code="d">CUI</subfield><subfield code="d">OCLCQ</subfield><subfield code="d">OCLCF</subfield></datafield><datafield ind1="1" ind2=" " tag="029"><subfield code="a">AU@</subfield><subfield code="b">000025804789</subfield></datafield><datafield ind1=" " ind2=" " tag="042"><subfield code="a">pcc</subfield></datafield><datafield ind1=" " ind2=" " tag="043"><subfield code="a">n-us-ms</subfield></datafield><datafield ind1="0" ind2="0" tag="050"><subfield code="a">Newspaper 8525-X</subfield></datafield><datafield ind1=" " ind2="4" tag="050"><subfield code="a">AN</subfield></datafield><datafield ind1="0" ind2=" " tag="130"><subfield code="a">Washington Republican (Washington, Miss. : 1813)</subfield></datafield><datafield ind1="1" ind2="0" tag="245"><subfield code="a">Washington Republican.</subfield></datafield><datafield ind1=" " ind2=" " tag="260"><subfield code="a">Washington, Miss. :</subfield><subfield code="b">Andrew Marschalk,</subfield><subfield code="c">1813-1815.</subfield></datafield><datafield ind1=" " ind2=" " tag="300"><subfield code="a">v. ;</subfield><subfield code="c">69 cm.</subfield></datafield><datafield ind1=" " ind2=" " tag="310"><subfield code="a">Weekly</subfield></datafield><datafield ind1="0" ind2=" " tag="362"><subfield code="a">Vol. 1, no. 1 (Apr. 13, 1813)-v. 3, no. 29 (Nov. 11, 1815).</subfield></datafield><datafield ind1=" " ind2=" " tag="525"><subfield code="a">Has occasional supplements.</subfield></datafield><datafield ind1=" " ind2=" " tag="530"><subfield code="a">Available on microfilm from Bell &amp; Howell.</subfield></datafield><datafield ind1=" " ind2=" " tag="580"><subfield code="a">Merged with: Natchez intelligencer (Natchez, Miss.) (non-extant), to form: Washington Republican and Natchez intelligencer.</subfield></datafield><datafield ind1=" " ind2="0" tag="651"><subfield code="a">Washington (Miss.)</subfield><subfield code="v">Newspapers.</subfield></datafield><datafield ind1=" " ind2="0" tag="651"><subfield code="a">Adams County (Miss.)</subfield><subfield code="v">Newspapers.</subfield></datafield><datafield ind1=" " ind2="7" tag="655"><subfield code="a">Newspapers.</subfield><subfield code="2">fast</subfield><subfield code="0">(OCoLC)fst01423814</subfield></datafield><datafield ind1=" " ind2="7" tag="651"><subfield code="a">Mississippi</subfield><subfield code="z">Adams County.</subfield><subfield code="2">fast</subfield><subfield code="0">(OCoLC)fst01214708</subfield></datafield><datafield ind1=" " ind2="7" tag="651"><subfield code="a">Mississippi</subfield><subfield code="z">Washington.</subfield><subfield code="2">fast</subfield><subfield code="0">(OCoLC)fst01868447</subfield></datafield><datafield ind1="1" ind2=" " tag="700"><subfield code="a">Marschalk, Andrew,</subfield><subfield code="d">1767-1838.</subfield></datafield><datafield ind1=" " ind2=" " tag="752"><subfield code="a">United States</subfield><subfield code="b">Mississippi</subfield><subfield code="c">Adams</subfield><subfield code="d">Washington.</subfield></datafield><datafield ind1="1" ind2="7" tag="785"><subfield code="t">Natchez intelligencer (Natchez, Miss.)</subfield></datafield><datafield ind1="1" ind2="7" tag="785"><subfield code="t">Washington Republican and Natchez intelligencer</subfield><subfield code="w">(DLC)sn 87065447</subfield><subfield code="w">(OCoLC)14264469</subfield></datafield></record>